symbol,isin,trade_date,exchange,segment,series,trade_type,auction,quantity,price,trade_id,order_id,order_execution_time
HAPPSTMNDS,INE419U01012,2022-01-06,NSE,EQ,EQ,buy,false,15.000000,1299.600000,28009048,1100000011128867,2022-01-06T12:17:07
HAPPSTMNDS,INE419U01012,2022-01-19,BSE,EQ,B,buy,false,10.000000,1269.900000,3200000,1642563000001417940,2022-01-19T09:19:22
HAPPSTMNDS-BE,INE419U01012,2022-01-21,NSE,EQ,BE,buy,false,10.000000,1250.000000,25559327,1100000001877590,2022-01-21T09:28:19
HAPPSTMNDS-T,INE419U01012,2022-01-24,BSE,EQ,T,buy,false,1.000000,1210.000000,2685500,1642995000000258270,2022-01-24T09:24:30
HAPPSTMNDS-T,INE419U01012,2022-01-24,BSE,EQ,T,buy,false,3.000000,1210.000000,2691300,1642995000000258270,2022-01-24T09:24:32
HAPPSTMNDS-T,INE419U01012,2022-01-24,BSE,EQ,T,buy,false,3.000000,1210.000000,2691100,1642995000000258270,2022-01-24T09:24:32
HAPPSTMNDS-T,INE419U01012,2022-01-24,BSE,EQ,T,buy,false,3.000000,1210.000000,2715600,1642995000000258270,2022-01-24T09:24:40
HAPPSTMNDS,INE419U01012,2022-02-02,NSE,EQ,EQ,buy,false,10.000000,1164.000000,25312410,1100000001030978,2022-02-02T09:20:06
HAPPSTMNDS,INE419U01012,2022-02-03,BSE,EQ,B,buy,false,2.000000,1169.500000,12132500,1643861987161283313,2022-02-03T09:54:42
HAPPSTMNDS,INE419U01012,2022-02-03,BSE,EQ,B,buy,false,8.000000,1169.500000,12193300,1643861987161283313,2022-02-03T09:54:59
HAPPSTMNDS,INE419U01012,2022-02-08,NSE,EQ,EQ,buy,false,10.000000,1090.000000,27881724,1100000012585496,2022-02-08T11:38:30
HAPPSTMNDS,INE419U01012,2022-02-14,NSE,EQ,EQ,buy,false,4.000000,1026.900000,27165698,1100000008232491,2022-02-14T10:22:44
HAPPSTMNDS,INE419U01012,2022-02-14,NSE,EQ,EQ,buy,false,4.000000,1026.900000,27166657,1100000008232491,2022-02-14T10:22:48
HAPPSTMNDS,INE419U01012,2022-02-14,NSE,EQ,EQ,buy,false,2.000000,1026.900000,27167327,1100000008232491,2022-02-14T10:22:51
HAPPSTMNDS,INE419U01012,2022-02-21,NSE,EQ,EQ,buy,false,5.000000,997.200000,25615514,1100000002407413,2022-02-21T09:32:51
HAPPSTMNDS,INE419U01012,2022-02-22,NSE,EQ,EQ,buy,false,5.000000,976.300000,25316799,1100000000960875,2022-02-22T09:19:00
HAPPSTMNDS,INE419U01012,2022-02-24,NSE,EQ,EQ,buy,false,10.000000,962.000000,25410786,1100000001052638,2022-02-24T09:18:45
HAPPSTMNDS,INE419U01012,2022-02-24,NSE,EQ,EQ,buy,false,5.000000,944.500000,31961195,1100000027027213,2022-02-24T14:02:09
HAPPSTMNDS,INE419U01012,2022-02-25,NSE,EQ,EQ,buy,false,10.000000,961.200000,28351530,1100000013180421,2022-02-25T11:57:30
HAPPSTMNDS,INE419U01012,2022-03-07,NSE,EQ,EQ,buy,false,5.000000,948.300000,26965190,1100000007317633,2022-03-07T10:08:02
HAPPSTMNDS,INE419U01012,2022-03-28,NSE,EQ,EQ,buy,false,5.000000,1080.700000,26798031,1100000006670701,2022-03-28T10:20:45
HAPPSTMNDS,INE419U01012,2022-04-27,BSE,EQ,B,buy,false,3.000000,998.000000,15055200,1651032755093036559,2022-04-27T09:44:47
HAPPSTMNDS,INE419U01012,2022-04-27,BSE,EQ,B,buy,false,1.000000,998.000000,15055000,1651032755093036559,2022-04-27T09:44:47
HAPPSTMNDS,INE419U01012,2022-04-27,BSE,EQ,B,buy,false,1.000000,998.000000,15055400,1651032755093036559,2022-04-27T09:44:47
HAPPSTMNDS,INE419U01012,2022-05-02,NSE,EQ,EQ,buy,false,5.000000,986.500000,26080667,1100000003935636,2022-05-02T09:49:56
HAPPSTMNDS,INE419U01012,2022-05-04,BSE,EQ,B,buy,false,5.000000,997.000000,17385800,1651638992279359716,2022-05-04T10:16:27
HAPPSTMNDS,INE419U01012,2022-05-11,NSE,EQ,EQ,buy,false,5.000000,918.000000,26961250,1100000008050183,2022-05-11T10:40:29
HAPPSTMNDS,INE419U01012,2022-05-12,NSE,EQ,EQ,buy,false,5.000000,865.000000,25513623,1100000001876691,2022-05-12T09:27:36
HAPPSTMNDS,INE419U01012,2022-06-20,NSE,EQ,EQ,buy,false,3.000000,812.400000,26105924,1100000005277099,2022-06-20T10:06:49
HAPPSTMNDS,INE419U01012,2022-06-20,NSE,EQ,EQ,buy,false,1.000000,812.400000,26105925,1100000005277099,2022-06-20T10:06:49
HAPPSTMNDS,INE419U01012,2022-06-20,NSE,EQ,EQ,buy,false,1.000000,812.400000,26105926,1100000005277099,2022-06-20T10:06:49
HAPPSTMNDS,INE419U01012,2022-06-20,NSE,EQ,EQ,buy,false,1.000000,790.250000,28498676,1100000016406565,2022-06-20T13:28:31
HAPPSTMNDS,INE419U01012,2022-06-20,NSE,EQ,EQ,buy,false,4.000000,790.350000,28498981,1100000016406565,2022-06-20T13:28:33
HAPPSTMNDS,INE419U01012,2022-07-04,NSE,EQ,EQ,buy,false,5.000000,830.550000,27957304,1100000012618382,2022-07-04T14:04:34
HAPPSTMNDS,INE419U01012,2022-08-29,NSE,EQ,EQ,buy,false,10.000000,1013.650000,26310635,1100000005247292,2022-08-29T09:56:59
HAPPSTMNDS,INE419U01012,2022-09-02,NSE,EQ,EQ,buy,false,1.000000,1025.750000,25740770,1100000003583061,2022-09-02T09:43:02
HAPPSTMNDS,INE419U01012,2022-09-02,NSE,EQ,EQ,buy,false,2.000000,1025.750000,25740771,1100000003583061,2022-09-02T09:43:02
HAPPSTMNDS,INE419U01012,2022-09-02,NSE,EQ,EQ,buy,false,2.000000,1025.750000,25741766,1100000003583061,2022-09-02T09:43:05
HAPPSTMNDS,INE419U01012,2022-09-06,NSE,EQ,EQ,buy,false,5.000000,1017.000000,25472391,1100000002340754,2022-09-06T09:32:06
HAPPSTMNDS,INE419U01012,2022-11-17,NSE,EQ,EQ,buy,false,5.000000,976.700000,25769405,1100000003815853,2022-11-17T09:45:09
HAPPSTMNDS,INE419U01012,2022-12-22,NSE,EQ,EQ,buy,false,5.000000,891.850000,26086387,1100000005387758,2022-12-22T09:45:52
HAPPSTMNDS,INE419U01012,2022-12-23,NSE,EQ,EQ,buy,false,5.000000,852.150000,27980712,1100000016925499,2022-12-23T11:51:12
